<?xml version="1.0" encoding="UTF-8"?><record xmlns="http://www.loc.gov/MARC21/slim" xmlns:cinclude="http://apache.org/cocoon/include/1.0" xmlns:zs="http://www.loc.gov/zing/srw/">
  <leader>00393cz  a2200121n  4500</leader>
  <controlfield tag="001">n  88230519 </controlfield>
  <controlfield tag="003">DLC</controlfield>
  <controlfield tag="005">19900102144923.7</controlfield>
  <controlfield tag="008">890301n| acannaab|          |n aaa |||  </controlfield>
  <datafield tag="010" ind1=" " ind2=" ">
    <subfield code="a">n  88230519 </subfield>
  </datafield>
  <datafield tag="040" ind1=" " ind2=" ">
    <subfield code="a">DLC</subfield>
    <subfield code="c">DLC</subfield>
    <subfield code="d">DLC</subfield>
  </datafield>
  <datafield tag="100" ind1="1" ind2="0">
    <subfield code="a">Emmerson, Richard D.</subfield>
  </datafield>
  <datafield tag="670" ind1=" " ind2=" ">
    <subfield code="a">Perspectives on the telephone industry, 1989:</subfield>
    <subfield code="b">CIP t.p. (Richard M. Emmerson, Ph. D., INDETEC, Inc.) bk. t.p. (Richard D. Emmerson)</subfield>
  </datafield>
</record>